
@book{rbb2010,
  author      = {R B Bapat},
  title       = {Graph and Matrices},
  year        = {2010},
  publisher   = {Hindustan Book Agency, India}
}
@book{horn1985,
  author      = {Roger A. Horn and Charles R. Johnson},
  title       = {Matrix Analysis},
  year        = {1985},
  publisher   = {Cambridge University Press}
}

@article{jeff06,
  author  = {Christopher Jefferson and Angela Miguel and Ian Miguel and S. Armagan Tarim},
  title   = {Modelling and solving English Peg Solitaire},
  journal = {Computers and Operations Research},
  volume  = {33},
  number  = {10},
  pages   = {2935-2959},
  year    = {2006}
}

@article{kir86,
  author    = {L. M. Kirousis and C. H. Papadimitriou},
  title     = {Searching and Pebbling},
  journal   = {Theoretical Computer Science},
  volume    = {47},
  number    = {3},
  year      = {1986},
  pages     = {205-218}
}

